
@misc{abkowitz_workshop_2011,
	title = {Workshop on Evaluation of Waste Streams Associated with {LWR} Fuel Cycle Options},
	url = {http://www.nwtrb.gov/meetings/2011/june/11june.html},
	journal = {Nuclear Waste Technology Review Board},
	author = {Abkowitz, Mark},
	month = jun,
	year = {2011}
}